<?xml version="1.0" encoding="UTF-8"?><collection xmlns="http://www.loc.gov/MARC21/slim"><record><leader>00438nam--2200169-i-4500</leader><controlfield tag="001">000004980</controlfield><controlfield tag="002">20161230</controlfield><controlfield tag="005">20170115014054</controlfield><controlfield tag="008">060222s1000------------r-----000-0-eng-d</controlfield><datafield ind1=" " ind2=" " tag="100"><subfield code="a">Adolph, Eivind</subfield></datafield><datafield ind1=" " ind2=" " tag="245"><subfield code="a">Sintered aluminium powder for reactor applications</subfield></datafield><datafield ind1=" " ind2=" " tag="260"><subfield code="a">Riso</subfield><subfield code="b">Danish Atomic Energy Commission</subfield><subfield code="c">1960</subfield></datafield><datafield ind1=" " ind2=" " tag="300"><subfield code="a">48 p</subfield></datafield><datafield ind1=" " ind2=" " tag="490"><subfield code="a">13</subfield></datafield><datafield ind1=" " ind2=" " tag="700"><subfield code="a">Christensen, J</subfield></datafield><datafield ind1=" " ind2=" " tag="852"><subfield code="a">13457</subfield></datafield><datafield ind1=" " ind2=" " tag="CAT"><subfield code="a">SYS</subfield><subfield code="c">20170115</subfield><subfield code="h">014054</subfield></datafield></record></collection>